@article{est_asym_svol,
author = { Andrew C.   Harvey  and  Neil   Shephard },
title = {Estimation of an Asymmetric Stochastic Volatility Model for Asset Returns},
journal = {Journal of Business \& Economic Statistics},
volume = {14},
number = {4},
pages = {429-434},
year  = {1996},
publisher = {Taylor & Francis},
doi = {10.1080/07350015.1996.10524672},

URL = { 
        https://www.tandfonline.com/doi/abs/10.1080/07350015.1996.10524672
    
},
eprint = { 
        https://www.tandfonline.com/doi/pdf/10.1080/07350015.1996.10524672
    
}
}